@article{DBLP:journals/acta/BerwangerMB18,
  author    = {Dietmar Berwanger and
               Anup Basil Mathew and
               Marie van den Bogaard},
  title     = {Hierarchical information and the synthesis of distributed strategies},
  journal   = {Acta Inf.},
  volume    = {55},
  number    = {8},
  pages     = {669--701},
  year      = {2018},
  url       = {https://doi.org/10.1007/s00236-017-0306-5},
  doi       = {10.1007/s00236-017-0306-5},
  timestamp = {Wed, 26 Dec 2018 19:51:49 +0100},
  biburl    = {https://dblp.org/rec/bib/journals/acta/BerwangerMB18},
  bibsource = {dblp computer science bibliography, https://dblp.org}
}


@inproceedings{chatterjee2010complexity,
  title={The complexity of partial-observation parity games},
  author={Chatterjee, Krishnendu and Doyen, Laurent},
  booktitle={International Conference on Logic for Programming Artificial Intelligence and Reasoning},
  pages={1--14},
  year={2010},
  organization={Springer}
}


@article{DBLP:journals/corr/BouyerBMU15,
  author    = {Patricia Bouyer and
               Romain Brenguier and
               Nicolas Markey and
               Michael Ummels},
  title     = {Pure Nash Equilibria in Concurrent Deterministic Games},
  journal   = {Logical Methods in Computer Science},
  volume    = {11},
  number    = {2},
  year      = {2015},
  url       = {https://doi.org/10.2168/LMCS-11(2:9)2015},
  doi       = {10.2168/LMCS-11(2:9)2015},
  timestamp = {Mon, 13 Aug 2018 16:46:09 +0200},
  biburl    = {https://dblp.org/rec/bib/journals/corr/BouyerBMU15},
  bibsource = {dblp computer science bibliography, https://dblp.org}
}

@inproceedings{genest2015knowledge,
  title={Knowledge= observation+ memory+ computation},
  author={Genest, Blaise and Peled, Doron and Schewe, Sven},
  booktitle={International Conference on Foundations of Software Science and Computation Structures},
  pages={215--229},
  year={2015},
  organization={Springer}
}


@inproceedings{DBLP:conf/mfcs/Puchala10,
  author    = {Bernd Puchala},
  title     = {Asynchronous Omega-Regular Games with Partial Information},
  booktitle = {MFCS},
  year      = {2010},
  pages     = {592-603},
  ee        = {http://dx.doi.org/10.1007/978-3-642-15155-2_52},
  bibsource = {DBLP, http://dblp.uni-trier.de}
}


@article{bouyer2017nash,
  title={Nash equilibria in symmetric graph games with partial observation},
  author={Bouyer, Patricia and Markey, Nicolas and Vester, Steen},
  journal={Information and Computation},
  volume={254},
  pages={238--258},
  year={2017},
  publisher={Elsevier}
}


@article{DBLP:journals/iandc/ChatterjeeDFR17,
  author    = {Krishnendu Chatterjee and
               Laurent Doyen and
               Emmanuel Filiot and
               Jean{-}Fran{\c{c}}ois Raskin},
  title     = {Doomsday equilibria for omega-regular games},
  journal   = {Inf. Comput.},
  volume    = {254},
  pages     = {296--315},
  year      = {2017},
  url       = {https://doi.org/10.1016/j.ic.2016.10.012},
  doi       = {10.1016/j.ic.2016.10.012},
  timestamp = {Wed, 17 May 2017 16:47:34 +0200},
  biburl    = {https://dblp.org/rec/bib/journals/iandc/ChatterjeeDFR17},
  bibsource = {dblp computer science bibliography, https://dblp.org}
}



@article{DBLP:journals/jancl/GuelevDE11,
  author    = {Dimitar P. Guelev and
               Catalin Dima and
               Constantin Enea},
  title     = {An alternating-time temporal logic with knowledge, perfect recall
               and past: axiomatisation and model-checking},
  journal   = {Journal of Applied Non-Classical Logics},
  volume    = {21},
  number    = {1},
  pages     = {93--131},
  year      = {2011},
  url       = {https://doi.org/10.3166/jancl.21.93-131},
  doi       = {10.3166/jancl.21.93-131},
  timestamp = {Sun, 28 May 2017 13:20:20 +0200},
  biburl    = {https://dblp.org/rec/bib/journals/jancl/GuelevDE11},
  bibsource = {dblp computer science bibliography, https://dblp.org}
}



@article{DBLP:journals/entcs/Schobbens04,
  author    = {Pierre{-}Yves Schobbens},
  title     = {Alternating-time logic with imperfect recall},
  journal   = {Electr. Notes Theor. Comput. Sci.},
  volume    = {85},
  number    = {2},
  pages     = {82--93},
  year      = {2004},
  url       = {https://doi.org/10.1016/S1571-0661(05)82604-0},
  doi       = {10.1016/S1571-0661(05)82604-0},
  timestamp = {Wed, 14 Jun 2017 20:35:57 +0200},
  biburl    = {https://dblp.org/rec/bib/journals/entcs/Schobbens04},
  bibsource = {dblp computer science bibliography, https://dblp.org}
}

@article{perez2017fixed,
  title={The fixed initial credit problem for partial-observation energy games is Ack-complete},
  author={P{\'e}rez, Guillermo A},
  journal={Information Processing Letters},
  volume={118},
  pages={91--99},
  year={2017},
  publisher={Elsevier}
}


@inproceedings{degorre2010energy,
  title={Energy and mean-payoff games with imperfect information},
  author={Degorre, Aldric and Doyen, Laurent and Gentilini, Raffaella and Raskin, Jean-Fran{\c{c}}ois and Toru{\'n}czyk, Szymon},
  booktitle={CSL'10},
  pages={260--274},
  year={2010},
  organization={Springer}
}


@article{DBLP:journals/iandc/GutierrezPW18,
  author    = {Julian Gutierrez and
               Giuseppe Perelli and
               Michael Wooldridge},
  title     = {Imperfect information in Reactive Modules games},
  journal   = {Inf. Comput.},
  volume    = {261},
  number    = {Part},
  pages     = {650--675},
  year      = {2018},
  url       = {https://doi.org/10.1016/j.ic.2018.02.023},
  doi       = {10.1016/j.ic.2018.02.023},
  timestamp = {Thu, 21 Jun 2018 12:18:13 +0200},
  biburl    = {https://dblp.org/rec/bib/journals/iandc/GutierrezPW18},
  bibsource = {dblp computer science bibliography, https://dblp.org}
}

@inproceedings{jamroga2014module,
  title={On module checking and strategies},
  author={Jamroga, Wojciech and Murano, Aniello},
  booktitle={AAMAS'14},
  pages={701--708},
  year={2014},
  organization={International Foundation for Autonomous Agents and Multiagent Systems}
}


@article{kupferman2001module,
  title={Module checking},
  author={Kupferman, Orna and Vardi, Moshe Y and Wolper, Pierre},
  journal={Information and Computation},
  volume={164},
  number={2},
  pages={322--344},
  year={2001},
  publisher={Elsevier}
}

@inproceedings{jamroga2015module,
  title={Module checking of strategic ability},
  author={Jamroga, Wojciech and Murano, Aniello},
  booktitle={AAMAS'15},
  pages={227--235},
  year={2015},
  organization={International Foundation for Autonomous Agents and Multiagent Systems}
}


@article{DBLP:journals/fuin/JamrogaH04,
  author    = {Wojciech Jamroga and
               Wiebe van der Hoek},
  title     = {Agents that Know How to Play},
  journal   = {Fundam. Inform.},
  volume    = {63},
  number    = {2-3},
  year      = {2004},
  pages     = {185-219},
  ee        = {http://iospress.metapress.com/content/xh738axb47d8rchf/},
  bibsource = {DBLP, http://dblp.uni-trier.de}
}


@inproceedings{jamroga2011comparing,
  title={Comparing variants of strategic ability},
  author={Jamroga, W. and Bulling, N.},
  booktitle={IJCAI'11},
  pages={252--257},
  year={2011},
  organization={AAAI Press},
  doi={10.1023/A:1026171312755}
}


@inproceedings{filiot2018rational,
  title={Rational Synthesis Under Imperfect Information},
  author={Filiot, Emmanuel and Gentilini, Raffaella and Raskin, Jean-Fran{\c{c}}ois},
  booktitle={LICS'18},
  pages={422--431},
  year={2018},
  organization={ACM}
}


@inproceedings{kupferman1997module,
  title={Module checking revisited},
  author={Kupferman, Orna and Vardi, Moshe Y},
  booktitle={CAV'97},
  pages={36--47},
  year={1997},
  organization={Springer}
}


@article{chatterjee2010strategy,
  title={Strategy logic},
  author={Chatterjee, Krishnendu and Henzinger, Thomas A and Piterman, Nir},
  journal={Information and Computation},
  volume={208},
  year={2010}
}


@book{clarke1999model,
  title={Model checking},
  author={Clarke, Edmund M and Grumberg, Orna and Peled, Doron},
  year={1999},
  publisher={MIT press}
}


@inproceedings{DBLP:conf/focs/Pnueli77,
  author    = {Amir Pnueli},
  title     = {The Temporal Logic of Programs},
  booktitle = {FOCS},
  year      = {1977},
  pages     = {46-57},
  ee        = {http://doi.ieeecomputersociety.org/10.1109/SFCS.1977.32},
  bibsource = {DBLP, http://dblp.uni-trier.de}
}


@article{bouyer2017games,
  title={Games on graphs with a public signal monitoring},
  author={Bouyer, Patricia},
  journal={arXiv preprint arXiv:1710.07163},
  year={2017}
}


@article{emerson1986sometimes,
  title={"Sometimes" and "not never" revisited: on branching versus linear time temporal logic},
  author={Emerson, E Allen and Halpern, Joseph Y},
  journal={Journal of the ACM (JACM)},
  volume={33},
  number={1},
  pages={151--178},
  year={1986},
  publisher={ACM}
}


@inproceedings{pnueli1989synthesisshort,
  title={On the synthesis of a reactive module},
  author={Pnueli, Amir and Rosner, Roni},
  booktitle={{POPL}},
  pages={179--190},
  year={1989}
}


@inproceedings{ramanujam2010communication,
  title={A communication based model for games of imperfect information},
  author={Ramanujam, Ramaswamy and Simon, Sunil},
  booktitle={International Conference on Concurrency Theory},
  pages={509--523},
  year={2010},
  organization={Springer}
}


@article{chatterjee2014partial,
  title={Partial-observation stochastic games: How to win when belief fails},
  author={Chatterjee, Krishnendu and Doyen, Laurent},
  journal={ACM Transactions on Computational Logic (TOCL)},
  volume={15},
  number={2},
  pages={16},
  year={2014},
  publisher={ACM},
  doi={10.1145/2579821}
}


@article{doyen2011games,
  title={Games with imperfect information: Theory and algorithms},
  author={Doyen, Laurent and Raskin, Jean-Fran{\c{c}}ois},
  journal={Lectures in Game Theory for Computer Scientists},
  pages={185--212},
  year={2011}
}


@article{berwanger2010strategy,
  title={Strategy construction for parity games with imperfect information},
  author={Berwanger, Dietmar and Chatterjee, Krishnendu and De Wulf, Martin and Doyen, Laurent and Henzinger, Thomas A},
  journal={Information and computation},
  volume={208},
  number={10},
  pages={1206--1220},
  year={2010},
  publisher={Elsevier}
}


@inproceedings{DBLP:conf/fossacs/Bouyer18,
  author    = {Patricia Bouyer},
  title     = {Games on Graphs with a Public Signal Monitoring},
  booktitle = {{FOSSACS}'18},
  pages     = {530--547},
  year      = {2018},
  publisher = {Springer},
  url       = {https://doi.org/10.1007/978-3-319-89366-2_29},
  doi       = {10.1007/978-3-319-89366-2_29},
  timestamp = {Sat, 05 May 2018 23:05:33 +0200},
  biburl    = {https://dblp.org/rec/bib/conf/fossacs/Bouyer18},
  bibsource = {dblp computer science bibliography, https://dblp.org}
}



@article{reif1984complexity,
  title={The complexity of two-player games of incomplete information},
  author={Reif, John H},
  journal={Journal of computer and system sciences},
  volume={29},
  number={2},
  pages={274--301},
  year={1984},
  publisher={Elsevier},
  doi={10.1016/0022-0000(84)90034-5}
}


@inproceedings{brenguier2017admissibility,
  title={Admissibility in Games with Imperfect Information},
  author={Brenguier, Romain and Pauly, Arno and Raskin, Jean-Fran{\c{c}}ois and Sankur, Ocan},
  booktitle={CONCUR'17},
  volume={85},
  year={2017}
}


@inproceedings{fisman2010rational,
  title={Rational synthesis},
  author={Fisman, Dana and Kupferman, Orna and Lustig, Yoad},
  booktitle={TACAS'10},
  pages={190--204},
  year={2010},
  organization={Springer},
  doi={10.1007/978-3-642-12002-2_16}
}


@article{DBLP:journals/amai/KupfermanPV16,
  author    = {Orna Kupferman and
               Giuseppe Perelli and
               Moshe Y. Vardi},
  title     = {Synthesis with rational environments},
  journal   = {Ann. Math. Artif. Intell.},
  volume    = {78},
  number    = {1},
  pages     = {3--20},
  year      = {2016},
  url       = {https://doi.org/10.1007/s10472-016-9508-8},
  doi       = {10.1007/s10472-016-9508-8},
  timestamp = {Thu, 15 Jun 2017 21:29:22 +0200},
  biburl    = {http://dblp.org/rec/bib/journals/amai/KupfermanPV16},
  bibsource = {dblp computer science bibliography, http://dblp.org}
}

@inproceedings{DBLP:conf/icalp/ConduracheFGR16,
  author    = {Rodica Condurache and
               Emmanuel Filiot and
               Raffaella Gentilini and
               Jean{-}Fran{\c{c}}ois Raskin},
  title     = {The Complexity of Rational Synthesis},
  booktitle = {ICALP'16},
  pages     = {121:1--121:15},
  year      = {2016},
  url       = {https://doi.org/10.4230/LIPIcs.ICALP.2016.121},
  doi       = {10.4230/LIPIcs.ICALP.2016.121},
  timestamp = {Tue, 23 May 2017 01:08:20 +0200},
  biburl    = {http://dblp.org/rec/bib/conf/icalp/ConduracheFGR16},
  bibsource = {dblp computer science bibliography, http://dblp.org}
}


@inproceedings{epistemicSL,
  author = {Francesco Belardinelli},
  title = {A Logic of Knowledge and Strategies with Imperfect Information},
  booktitle = {LAMAS'15},
  year = {2015},
  pages={1--15}
}


@inproceedings{huang2014temporal,
  title={A Temporal Logic of Strategic Knowledge},
  author={Huang, Xiaowei and Van Der Meyden, Ron},
  booktitle={KR'14},
  year={2014}
}


@inproceedings{knight2015dealing,
  title={Dealing with imperfect information in Strategy Logic},
  author={Knight, Sophia and Maubert, Bastien},
   booktitle={SR'15},
   url={http://www0.cs.ucl.ac.uk/staff/D.Pym/sr2015-proceedings.pdf#page=97},
  year={2015}
}


@inproceedings{bittner2012symbolic,
  title={Symbolic Synthesis of Observability Requirements for Diagnosability},
  author={Bittner, Benjamin and Bozzano, Marco and Cimatti, Alessandro and Olive, Xavier},
  booktitle={AAAI'12},
  year={2012}
}



@incollection{van1998synthesis,
  title={Synthesis from knowledge-based specifications},
  author={van der Meyden, Ron and Vardi, Moshe Y.},
  booktitle={CONCUR'98},
  pages={34--49},
  year={1998},
  publisher={Springer}
}


@inproceedings{DBLP:conf/concur/MeydenW05,
  author    = {Ron van der Meyden and
               Thomas Wilke},
  title     = {Synthesis of Distributed Systems from Knowledge-Based Specifications},
  booktitle = {{CONCUR}'05},
  year      = {2005},
  pages     = {562-576},
  ee        = {http://dx.doi.org/10.1007/11539452_42},
  bibsource = {DBLP, http://dblp.uni-trier.de}
}

@inproceedings{DBLP:conf/ijcai/BelardinelliLMR17,
  author    = {Francesco Belardinelli and
               Alessio Lomuscio and
               Aniello Murano and
               Sasha Rubin},
  title     = {Verification of Broadcasting Multi-Agent Systems against an Epistemic
               Strategy Logic},
  booktitle = {{IJCAI}'17},
  pages     = {91--97},
  year      = {2017},
  url       = {https://doi.org/10.24963/ijcai.2017/14},
  doi       = {10.24963/ijcai.2017/14},
  timestamp = {Tue, 15 Aug 2017 14:48:05 +0200},
  biburl    = {http://dblp.org/rec/bib/conf/ijcai/BelardinelliLMR17},
  bibsource = {dblp computer science bibliography, http://dblp.org}
}

@inproceedings{BelardinelliLMR17a,
	author    = {Francesco Belardinelli and
	Alessio Lomuscio and
	Aniello Murano and
	Sasha Rubin},
	title     = {Verification of Multi-agent Systems with Imperfect Information and
	Public Actions},
	booktitle = {{AAMAS}'17},
	pages     = {1268--1276},
	year      = {2017}
}


@InCollection{loeding,
  author     = 	 {Christof L\"oding},
  title      = 	 {Automata on Infinite Trees},
  booktitle  = 	 {preliminary version for the handbook Automata: from Mathematics to Applications},
  editor     =   {Jean-Eric Pin},
  ee         =   {http://automata.rwth-aachen.de/~loeding/inf-tree-automata.pdf},
  year       =   {2011}
}

@inproceedings{BMMRV17,
  title={Strategy Logic with imperfect information},
  author={Berthon, Raphael and Maubert, Bastien and Murano, Aniello and Rubin, Sasha and Vardi, Moshe Y.},
  booktitle={LICS'17},
  pages={1--12},
  year={2017},
  organization={IEEE},
  doi={10.1109/LICS.2017.8005136}
}


@inproceedings{DBLP:conf/csl/FinkbeinerS10,
  author    = {Bernd Finkbeiner and
               Sven Schewe},
  title     = {Coordination Logic},
  booktitle = {CSL'10},
  pages     = {305--319},
  year      = {2010},
  doi       = {10.1007/978-3-642-15205-4_25}
}

crossref  = {DBLP:conf/csl/2010},
  url       = {http://dx.doi.org/10.1007/978-3-642-15205-4_25},
  doi       = {10.1007/978-3-642-15205-4_25},
  timestamp = {Wed, 18 Aug 2010 10:51:27 +0200},
  biburl    = {http://dblp.uni-trier.de/rec/bib/conf/csl/FinkbeinerS10},
  bibsource = {dblp computer science bibliography, http://dblp.org}


@inproceedings{PR90,
  author="Amir~Pnueli and Roni~Rosner",
  title="{Distributed reactive systems are hard to synthesize}",
  booktitle="FOCS'90",
  pages="746--757",
  year="1990",
  doi={10.1109/FSCS.1990.89597}
}
%  organization="IEEE",

@article{
BJ14,
  author    =  "Nils Bulling and Wojciech Jamroga",
  title     = "Comparing variants of strategic ability: how uncertainty and 
							 memory influence general properties of games",
  journal   = "AAMAS'14",
  volume    = "28",
  number    = "3",
  pages     = "474--518",
  year      = "2014"
}
@inproceedings{DBLP:conf/atva/ScheweF07,
  author    = {Sven Schewe and
               Bernd Finkbeiner},
  title     = {Distributed Synthesis for Alternating-Time Logics},
  booktitle = {ATVA'07},
  pages     = {268--283},
  year      = {2007},
  doi       = {10.1007/978-3-540-75596-8_20}
}
%  booktitle = {Automated Technology for Verification and Analysis, 5th International
%               Symposium, {ATVA} 2007, Tokyo, Japan, October 22-25, 2007, Proceedings},
%  url       = {http://dx.doi.org/10.1007/978-3-540-75596-8_20},
%  doi       = {10.1007/978-3-540-75596-8_20},
%  timestamp = {Wed, 07 Nov 2007 09:02:09 +0100},
%  biburl    = {http://dblp.uni-trier.de/rec/bib/conf/atva/ScheweF07},
%  bibsource = {dblp computer science bibliography, http://dblp.org}


@inproceedings{DBLP:conf/lics/FinkbeinerS05,
  author    = {Bernd Finkbeiner and
               Sven Schewe},
  title     = {Uniform Distributed Synthesis},
  booktitle = {{LICS'05}},
  pages     = {321--330},
  year      = {2005},
  doi       = {10.1109/LICS.2005.53}
}
%  organization={IEEE}
%  booktitle = {20th {IEEE} Symposium on Logic in Computer Science {(LICS} 2005),
%               26-29 June 2005, Chicago, IL, USA, Proceedings},
%  url       = {http://dx.doi.org/10.1109/LICS.2005.53},
%  doi       = {10.1109/LICS.2005.53},
%  timestamp = {Sat, 22 Nov 2014 13:44:45 +0100},
%  biburl    = {http://dblp.uni-trier.de/rec/bib/conf/lics/FinkbeinerS05},
%  bibsource = {dblp computer science bibliography, http://dblp.org}



@inproceedings{DBLP:conf/icalp/MadhusudanT01,
  author    = { Parthasarathy Madhusudan and
                Pazhamaneri Subramaniam Thiagarajan},
  title     = {Distributed Controller Synthesis for Local Specifications},
  booktitle = {{ICALP}'01},
  pages     = {396--407},
  year      = {2001},
  url       = {http://dx.doi.org/10.1007/3-540-48224-5_33},
  doi       = {10.1007/3-540-48224-5_33},
  timestamp = {Tue, 28 Jun 2011 15:08:15 +0200},
  biburl    = {http://dblp.uni-trier.de/rec/bib/conf/icalp/MadhusudanT01},
  bibsource = {dblp computer science bibliography, http://dblp.org}
}

@proceedings{DBLP:conf/icalp/2001,
  editor    = {Fernando Orejas and
               Paul G. Spirakis and
               Jan van Leeuwen},
  title     = {{ICALP}'01},
  series    = {Lecture Notes in Computer Science},
  volume    = {2076},
  publisher = {Springer},
  year      = {2001},
  isbn      = {3-540-42287-0},
  timestamp = {Thu, 03 Jan 2002 12:00:18 +0100},
  biburl    = {http://dblp.uni-trier.de/rec/bib/conf/icalp/2001},
  bibsource = {dblp computer science bibliography, http://dblp.org}
}


@inproceedings{DBLP:conf/prima/KazmierczakAJ14,
  author    = {Piotr Kazmierczak and
               Thomas {\AA}gotnes and
               Wojciech Jamroga},
  title     = {Multi-agency Is Coordination and (Limited) Communication},
  booktitle = {{PRIMA}'14},
  pages     = {91--106},
  year      = {2014},
  url       = {http://dx.doi.org/10.1007/978-3-319-13191-7_8},
  doi       = {10.1007/978-3-319-13191-7_8},
  timestamp = {Mon, 03 Nov 2014 13:56:37 +0100},
  biburl    = {http://dblp.uni-trier.de/rec/bib/conf/prima/KazmierczakAJ14},
  bibsource = {dblp computer science bibliography, http://dblp.org}
}

@article{DBLP:journals/fmsd/GastinSZ09,
  author    = {Paul Gastin and
               Nathalie Sznajder and
               Marc Zeitoun},
  title     = {Distributed synthesis for well-connected architectures},
  journal   = {FMSD},
  volume    = {34},
  number    = {3},
  pages     = {215--237},
  year      = {2009},
  doi       = {10.1007/s10703-008-0064-7}
}



@article{DBLP:journals/aai/DiaconuD12,
  author    = {Raluca Diaconu and
               Catalin Dima},
  title     = {Model-Checking Alternating-Time Temporal Logic with Strategies Based
               on Common Knowledge is Undecidable},
  journal   = {AAI},
  volume    = {26},
  number    = {4},
  pages     = {331--348},
  year      = {2012}
}
%  journal   = {Applied Artificial Intelligence},
%  url       = {http://dx.doi.org/10.1080/08839514.2012.652905},
%  doi       = {10.1080/08839514.2012.652905},
%  timestamp = {Wed, 30 May 2012 14:01:33 +0200},
%  biburl    = {http://dblp.uni-trier.de/rec/bib/journals/aai/DiaconuD12},
%  bibsource = {dblp computer science bibliography, http://dblp.org}


@inproceedings{DBLP:journals/corr/LaroussinieMS15,
  author    = {Fran{\c{c}}ois Laroussinie and
               Nicolas Markey and
               Arnaud Sangnier},
  title     = {{ATL}sc with partial observation},
  booktitle = {{GandALF'15}},
  pages     = {43--57},
  year      = {2015},
  doi       = {10.4204/EPTCS.193.4}
}
%  booktitle = {Proceedings Sixth International Symposium on Games, Automata, Logics
%               and Formal Verification, GandALF 2015, Genoa, Italy, 21-22nd September
%               2015.},
%  url       = {http://dx.doi.org/10.4204/EPTCS.193.4},
%  doi       = {10.4204/EPTCS.193.4},
%  timestamp = {Mon, 02 Nov 2015 11:35:42 +0100},
%  biburl    = {http://dblp.uni-trier.de/rec/bib/journals/corr/LaroussinieMS15},
%  bibsource = {dblp computer science bibliography, http://dblp.org}


@book{fagin1995reasoning,
  title={Reasoning about knowledge},
  author={Fagin, Ronald and Halpern, Joseph Y. and Moses, Yoram and Vardi, Moshe Y.},
  volume={4},
  year={1995},
  publisher={MIT press Cambridge}
}


@article{DBLP:journals/jacm/AlurHK02,
  author    = {Rajeev Alur and
               Thomas A. Henzinger and
               Orna Kupferman},
  title     = {Alternating-time temporal logic},
  journal   = {J. ACM},
  volume    = {49},
  number    = {5},
  year      = {2002},
  pages     = {672-713},
  doi       = {10.1145/585265.585270}
  }
%  ee        = {http://doi.acm.org/10.1145/585265.585270},
%  bibsource = {DBLP, http://dblp.uni-trier.de}


@article{DBLP:journals/iandc/LaroussinieM15,
  author    = {Fran{\c{c}}ois Laroussinie and
               Nicolas Markey},
  title     = {Augmenting {ATL} with strategy contexts},
  journal   = {Inf. Comput.},
  volume    = {245},
  pages     = {98--123},
  year      = {2015},
  doi       = {10.1016/j.ic.2014.12.020}
}
%  url       = {http://dx.doi.org/10.1016/j.ic.2014.12.020},
%  doi       = {10.1016/j.ic.2014.12.020},
%  timestamp = {Thu, 17 Dec 2015 14:14:18 +0100},
%  biburl    = {http://dblp.uni-trier.de/rec/bib/journals/iandc/LaroussinieM15},
%  bibsource = {dblp computer science bibliography, http://dblp.org}


@inproceedings{DBLP:journals/corr/LaroussinieM13,
  author    = {Fran{\c{c}}ois Laroussinie and
               Nicolas Markey},
  title     = {Satisfiability of {ATL} with strategy contexts},
  booktitle = {{G}and{ALF}'13},
  pages     = {208--223},
  year      = {2013},
  url       = {http://dx.doi.org/10.4204/EPTCS.119.18},
  doi       = {10.4204/EPTCS.119.18},
  timestamp = {Mon, 28 Oct 2013 16:56:55 +0100},
  biburl    = {http://dblp.uni-trier.de/rec/bib/journals/corr/LaroussinieM13},
  bibsource = {dblp computer science bibliography, http://dblp.org}
}


@article{DBLP:journals/iandc/ChatterjeeHP10,
  author    = {Krishnendu Chatterjee and
               Thomas A. Henzinger and
               Nir Piterman},
  title     = {{S}trategy {L}ogic},
  journal   = {Inf. Comput.},
  year      = {2010},
  volume    = {208},
  number    = {6},
  pages     = {677--693},
  url       = {http://dx.doi.org/10.1016/j.ic.2009.07.004},
  doi       = {10.1016/j.ic.2009.07.004},
  timestamp = {Tue, 09 Sep 2014 16:09:55 +0200},
  biburl    = {http://dblp.uni-trier.de/rec/bib/journals/iandc/ChatterjeeHP10},
  bibsource = {dblp computer science bibliography, http://dblp.org}
}


@inproceedings{DBLP:conf/lics/MogaveroMS13,
  author    = {Fabio Mogavero and
               Aniello Murano and
               Luigi Sauro},
  title     = {On the Boundary of Behavioral Strategies},
  booktitle = {{LICS}'13},
  pages     = {263--272},
  year      = {2013},
  organization={IEEE}
}
%  booktitle = {28th Annual {ACM/IEEE} Symposium on Logic in Computer Science, {LICS}
%               2013, New Orleans, LA, USA, June 25-28, 2013},
%  url       = {http://dx.doi.org/10.1109/LICS.2013.32},
%  doi       = {10.1109/LICS.2013.32},
%  timestamp = {Wed, 27 May 2015 19:02:35 +0200},
%  biburl    = {http://dblp.uni-trier.de/rec/bib/conf/lics/MogaveroMS13},
%  bibsource = {dblp computer science bibliography, http://dblp.org}


@article{DBLP:journals/tocl/MogaveroMPV14,
  author    = {Fabio Mogavero and
               Aniello Murano and
               Giuseppe Perelli and
               Moshe Y. Vardi},
  title     = {Reasoning About Strategies: On the Model-Checking Problem},
  journal   = {ACM Trans. Comput. Log.}, 
  volume    = {15},
  number    = {4},
  pages     = {34:1--34:47},
  year      = {2014},
  doi       = {10.1145/2631917}
}
%  journal   = {{ACM} Trans. Comput. Log.},
%  url       = {http://doi.acm.org/10.1145/2631917},
%  doi       = {10.1145/2631917},
%  timestamp = {Tue, 21 Apr 2015 17:24:46 +0200},
%  biburl    = {http://dblp.uni-trier.de/rec/bib/journals/tocl/MogaveroMPV14},
%  bibsource = {dblp computer science bibliography, http://dblp.org}

@inproceedings{DBLP:conf/clima/MogaveroMS14,
  author    = {Fabio Mogavero and
               Aniello Murano and
               Luigi Sauro},
  title     = {A Behavioral Hierarchy of {S}trategy {L}ogic},
  booktitle = {{CLIMA}'14},
  year      = {2014},
  pages     = {148-165},
  ee        = {http://dx.doi.org/10.1007/978-3-319-09764-0_10},
  bibsource = {DBLP, http://dblp.uni-trier.de}
}

@inproceedings{DBLP:conf/concur/MogaveroMPV12,
  author    = {Fabio Mogavero and
               Aniello Murano and
               Giuseppe Perelli and
               Moshe Y. Vardi},
  title     = {What Makes {ATL*} Decidable? A Decidable Fragment of {S}trategy
               {L}ogic},
  booktitle = {{CONCUR}'12},
  year      = {2012},
  pages     = {193-208}
}
%  ee        = {http://dx.doi.org/10.1007/978-3-642-32940-1_15},
%  bibsource = {DBLP, http://dblp.uni-trier.de}


@inproceedings{DBLP:journals/corr/Belardinelli14,
  author    = {Francesco Belardinelli},
  title     = {Reasoning about Knowledge and Strategies: Epistemic Strategy Logic},
  booktitle = {{SR}'14},
  pages     = {27--33},
  year      = {2014},
  url       = {http://dx.doi.org/10.4204/EPTCS.146.4},
  doi       = {10.4204/EPTCS.146.4},
  timestamp = {Fri, 02 May 2014 14:35:37 +0200},
  biburl    = {http://dblp.uni-trier.de/rec/bib/journals/corr/Belardinelli14},
  bibsource = {dblp computer science bibliography, http://dblp.org}
}

@inproceedings{emerson1984deciding,
  title={Deciding branching time logic},
  author={Emerson, E Allen and Sistla, A Prasad},
  booktitle={STOC'84},
  pages={14--24},
  year={1984}
}
%  organization={ACM}
%  booktitle={Proceedings of the sixteenth annual ACM symposium on Theory of computing},


@article{DBLP:journals/tcs/MullerS87,
  author    = {David E. Muller and
               Paul E. Schupp},
  title     = {Alternating Automata on Infinite Trees},
  journal   = {TCS},
  volume    = {54},
  pages     = {267--276},
  year      = {1987}
}
%  url       = {http://dx.doi.org/10.1016/0304-3975(87)90133-2},
%  doi       = {10.1016/0304-3975(87)90133-2},
%  timestamp = {Wed, 07 Sep 2011 12:13:20 +0200},
%  biburl    = {http://dblp.uni-trier.de/rec/bib/journals/tcs/MullerS87},
%  bibsource = {dblp computer science bibliography, http://dblp.org}

@inproceedings{french2001decidability,
  title={Decidability of quantifed propositional branching time logics},
  author={French, Tim},
  booktitle={AJCAI'01},
  pages={165--176},
  year={2001},
  doi={10.1007/3-540-45656-2_15}
}
%  organization={Springer}
%  booktitle={Australian Joint Conference on Artificial Intelligence},

@inproceedings{kupermann2001synthesizing,
  title={Synthesizing distributed systems},
  author={Kupferman, Orna and Vardi, Moshe Y.},
  booktitle={{LICS'01}},
  pages={389--398},
  year={2001},
  doi={10.1109/LICS.2001.932514}
}
%  organization={IEEE}
%  booktitle={Logic in Computer Science, 2001. Proceedings. 16th Annual IEEE Symposium on},


@article{peterson2002decision,
  title={Decision algorithms for multiplayer noncooperative games of incomplete information},
  author={Peterson, Gary and Reif, John and Azhar, Salman},
  journal={CAMWA},
  volume={43},
  number={1},
  pages={179--206},
  year={2002},
  doi={10.1016/S0898-1221(01)00282-6}
}
%  journal={Computers \& Mathematics with Applications},
%  publisher={Elsevier}


@article{pinchinat2005decidable,
  title={A decidable class of problems for control under partial observation},
  author={Pinchinat, Sophie and Riedweg, St{\'e}phane},
  journal={IPL},
  volume={95},
  number={4},
  pages={454--460},
  year={2005},
  publisher={Elsevier},
  doi={10.1016/j.ipl.2005.04.011}
}
%  journal={Information Processing Letters},

@article{halpern1989complexity,
  title={The complexity of reasoning about knowledge and time. I. Lower bounds},
  author={Halpern, Joseph Y. and Vardi, Moshe Y.},
  journal={JCSS},
  volume={38},
  number={1},
  pages={195--237},
  year={1989},
  publisher={Elsevier}
}
%  journal={Journal of Computer and System Sciences},

@article{vardi1994reasoning,
  title={Reasoning about infinite computations},
  author={Vardi, Moshe Y. and Wolper, Pierre},
  journal={IC},
  volume={115},
  number={1},
  pages={1--37},
  year={1994},
  publisher={Elsevier}
}

@article{DBLP:journals/tcs/Zielonka98,
  author    = {Wieslaw Zielonka},
  title     = {Infinite Games on Finitely Coloured Graphs with Applications
               to Automata on Infinite Trees},
  journal   = {TCS},
  volume    = {200},
  number    = {1-2},
  year      = {1998},
  pages     = {135-183}
}
%  ee        = {http://dx.doi.org/10.1016/S0304-3975(98)00009-7},
%  bibsource = {DBLP, http://dblp.uni-trier.de}


@inproceedings{Dastani10programs-aamas,
	author    = "M. Dastani and Wojciech Jamroga",
	title     = "Reasoning about strategies of multi-agent programs",
	booktitle = "AAMAS'10",
	pages     = "997--1004",
	publisher = "{IFAAMAS}",
	year      = "2010"
}

@inproceedings{EL85,
	author    = "Elen A. Emerson and C.-L. Lei",
	title     = "Modalities for Model Checking: Branching Time Strikes Back",
	booktitle = "PL'85",
	pages     = "84--96",
	publisher = "{ACM} Press",
	year      = "1985"
}

@article{CT11,
	author    = "Catalin Dima and Ferucio Laurentiu Tiplea",
	title     = "Model-checking {ATL} under Imperfect Information and Perfect Recall
	Semantics is Undecidable",
	journal   = "CoRR",
	eprint    = "1102.4225",
	year      = "2011"
}
	volume    = "abs/1102.4225",

@article{Kup95,
  title={Augmenting branching temporal logics with existential quantification over atomic propositions},
  author={Kupferman, Orna},
  journal={JLC},
  volume={9},
  number={2},
  pages={135--147},
  year={1999},
  publisher={Oxford University Press},
  doi={10.1093/logcom/9.2.135}
}



@inproceedings{KMTV00,
	author    = "Orna Kupferman and Parthasarathy Madhusudan and Pazhamaneri Subramaniam Thiagarajan and Moshe Y. Vardi",
	title     = "Open Systems in Reactive Environments: Control and Synthesis",
	booktitle = "CONCUR'00",
	pages     = "92--107",
	year      = "2000"
}
%	series    = "LNCS 1877",
%	publisher = "Springer",

@phdthesis
{
	Sis83,
	author			=	"Sistla, A Prasad",
	title				=	"{Theoretical Issues in the Design and Certification of
	Distributed Systems.}",
	school			=	"Harvard University, Cambridge, MA, USA",
	year				=	"1983"
}


@inproceedings
{
	DLM10,
	author			=	"Arnaud {Da Costa} and François Laroussinie and Nicolas Markey",
	title				=	"{ATL with Strategy Contexts: Expressiveness and Model
	Checking.}",
	booktitle		=	"FSTTCS'10",
	series			=	"LIPIcs 8",
	pages				=	"120-132",
	year				=	"2010"
}


@inproceedings
{
	VS85,
	author			=	"Moshe Y. Vardi and Larry J. Stockmeyer",
	title			="Improved Upper and Lower Bounds for Modal Logics of Programs:
	Preliminary Report",
	booktitle		=	"STOC'85",
	pages				=	"240-251",
	year				=	"1985"
}

@inproceedings{Lomuscio06mcmas,
	author    = "Alessio Lomuscio and Franco Raimondi",
	title     = "{MCMAS}  : A Model Checker for Multi-agent Systems",
	booktitle = "TACAS'06",
	pages     = "450--454",
	series    = "LNCS 4314",
	year      = "2006"
}

@article{Kremer03fairexchange,
	author = {Steve Kremer and Jean-François Raskin},
	title = {A game-based verification of non-repudiation and fair exchange protocols},
	journal = {Journal of Computer Security},
	volume = {11},
	number = {3},
	year = {2003}
}

@article{Hoek03ATELstudialogica,
	author =      {Wiebe van~der~Hoek and Michael Wooldridge},
	title =       {Cooperation, Knowledge and Time: {A}lternating-time {T}emporal
	{E}pistemic {L}ogic and its Applications},
	journal =     {Studia Logica},
	year =        {2003},
	volume =      {75},
	number =      {1},
	pages =       {125--157}
}

@inproceedings{Jamroga12fairness-lncs,
	author =      {Wojciech Jamroga and S. Mauw and M. Melissen},
	title     =   {Fairness in Non-repudiation Protocols},
	booktitle =   {Proceedings of {STM'11}},
	pages =       {122--139},
	series    =   {LNCS},
	volume    =   {7170},
	year =        {2012}
}


@article{DBLP:journals/jacm/KupfermanVW00,
  author    = {Orna Kupferman and
               Moshe Y. Vardi and
               Pierre Wolper},
  title     = {An automata-theoretic approach to branching-time model checking},
  journal   = {JACM},
  volume    = {47},
  number    = {2},
  year      = {2000},
  pages     = {312-360},
  doi       = {10.1145/333979.333987}
}
%  ee        = {http://doi.acm.org/10.1145/333979.333987},
%  bibsource = {DBLP, http://dblp.uni-trier.de}


@article{kupferman1999church,
  title={Church's problem revisited},
  author={Kupferman, Orna and Vardi, Moshe Y.},
  journal={BSL},
  pages={245--263},
  year={1999},
  publisher={JSTOR}
}
%  journal={Bulletin of Symbolic Logic},

@article{DBLP:journals/tcs/MullerS95,
  author    = {David E. Muller and
               Paul E. Schupp},
  title     = {Simulating Alternating Tree Automata by Nondeterministic
               Automata: New Results and New Proofs of the Theorems of
              {R}abin, {M}c{N}aughton and {S}afra},
  journal   = {TCS},
  volume    = {141},
  number    = {1{\&}2},
  year      = {1995},
  pages     = {69-107},
  doi       = {10.1016/0304-3975(94)00214-4}
}
%  ee        = {http://dx.doi.org/10.1016/0304-3975(94)00214-4},
%  bibsource = {DBLP, http://dblp.uni-trier.de}


@article{rabin1969decidability,
  title={Decidability of second-order theories and automata on infinite trees},
  author={Rabin, Michael O},
  journal={TAMS},
  volume={141},
  pages={1--35},
  year={1969},
  publisher={JSTOR},
  doi={10.1090/S0002-9947-1969-0246760-1}
}


@book{gradel2002automata,
  title={Automata, Logics, and Infinite Games, volume 2500 of {LNCS}},
  author={E. Gr{\"a}del and W. Thomas and Th. Wilke},
  year={2002},
  publisher={Springer Verlag}
}


@article{lauchli1987monadic,
  title={Monadic second order definable relations on the binary tree},
  author={L{\"a}uchli, Hans and Savioz, Christian},
  journal={JSL},
  volume={52},
  number={01},
  pages={219--226},
  year={1987},
  publisher={Cambridge Univ Press},
  doi={10.2307/2273878}
}


@article{thomas-msoeqlevel,
  author    = {Wolfgang Thomas},
  title     = {Infinite Trees and Automaton-Definable Relations over omega-Words},
  journal   = {TCS},
  volume    = {103},
  number    = {1},
  year      = {1992},
  pages     = {143-159},
  doi       = {10.1016/0304-3975(92)90090-3}
}
%  ee        = {http://dx.doi.org/10.1016/0304-3975(92)90090-3},
%  bibsource = {DBLP, http://dblp.uni-trier.de}

@inproceedings{DBLP:conf/cav/CermakLMM14,
  author    = {Petr Cerm{\'{a}}k and
               Alessio Lomuscio and
               Fabio Mogavero and
               Aniello Murano},
  title     = {{MCMAS-SLK:} {A} Model Checker for the Verification of Strategy Logic
               Specifications},
  booktitle = {CAV'14},
  pages     = {525--532},
  year      = {2014}
}
%  booktitle = {Computer Aided Verification - 26th International Conference, {CAV}
%               2014, Held as Part of the Vienna Summer of Logic, {VSL} 2014, Vienna,
%               Austria, July 18-22, 2014. Proceedings},
%  crossref  = {DBLP:conf/cav/2014},
%  url       = {http://dx.doi.org/10.1007/978-3-319-08867-9_34},
%  doi       = {10.1007/978-3-319-08867-9_34},
%  timestamp = {Mon, 30 Jun 2014 11:31:20 +0200},
%  biburl    = {http://dblp.uni-trier.de/rec/bib/conf/cav/CermakLMM14},
%  bibsource = {dblp computer science bibliography, http://dblp.org}

@proceedings{DBLP:conf/cav/2014,
  editor    = {Armin Biere and
               Roderick Bloem},
  title     = {Computer Aided Verification - 26th International Conference, {CAV}
               2014, Held as Part of the Vienna Summer of Logic, {VSL} 2014, Vienna,
               Austria, July 18-22, 2014. Proceedings},
  series    = {Lecture Notes in Computer Science},
  volume    = {8559},
  publisher = {Springer},
  year      = {2014},
  url       = {http://dx.doi.org/10.1007/978-3-319-08867-9},
  doi       = {10.1007/978-3-319-08867-9},
  isbn      = {978-3-319-08866-2},
  timestamp = {Mon, 30 Jun 2014 11:23:38 +0200},
  biburl    = {http://dblp.uni-trier.de/rec/bib/conf/cav/2014},
  bibsource = {dblp computer science bibliography, http://dblp.org}
}


@inproceedings{DBLP:conf/focs/PetersonR79,
  author    = {Gary L. Peterson and
               John H. Reif},
  title     = {Multiple-Person Alternation},
  booktitle = {SFCS'79},
  pages     = {348--363},
  year      = {1979},
  doi       = {10.1109/SFCS.1979.25}
}
%  booktitle = {20th Annual Symposium on Foundations of Computer Science, San Juan,
%               Puerto Rico, 29-31 October 1979},
%  crossref  = {DBLP:conf/focs/FOCS20},
%  url       = {http://dx.doi.org/10.1109/SFCS.1979.25},
%  doi       = {10.1109/SFCS.1979.25},
%  timestamp = {Tue, 16 Dec 2014 09:57:23 +0100},
%  biburl    = {http://dblp.uni-trier.de/rec/bib/conf/focs/PetersonR79},
%  bibsource = {dblp computer science bibliography, http://dblp.org}


@proceedings{DBLP:conf/focs/FOCS20,
  title     = {20th Annual Symposium on Foundations of Computer Science, San Juan,
               Puerto Rico, 29-31 October 1979},
  publisher = {{IEEE} Computer Society},
  year      = {1979},
  url       = {http://ieeexplore.ieee.org/xpl/mostRecentIssue.jsp?punumber=4567990},
  timestamp = {Mon, 15 Dec 2014 18:48:44 +0100},
  biburl    = {http://dblp.uni-trier.de/rec/bib/conf/focs/FOCS20},
  bibsource = {dblp computer science bibliography, http://dblp.org}
}



@article{elgot-rabin66,
  author    = {Calvin~C. Elgot and
               Michael~O. Rabin},
  title     = {Decidability and Undecidability of Extensions of Second (First) Order
               Theory of (Generalized) Successor},
  journal   = {JSL},
  volume    = {31},
  number    = {2},
  pages     = {169--181},
  year      = {1966},
  doi       = {10.2307/2269808}
}
%  url       = {http://dx.doi.org/10.2307/2269808},
%  doi       = {10.2307/2269808},
%  timestamp = {Tue, 05 Aug 2014 16:36:13 +0200},
%  biburl    = {http://dblp.uni-trier.de/rec/bib/journals/jsyml/ElgotR66},
%  bibsource = {dblp computer science bibliography, http://dblp.org}

@inproceedings{DBLP:conf/icalp/Chatterjee014,
  author    = {Krishnendu Chatterjee and
               Laurent Doyen},
  title     = {Games with a Weak Adversary},
  booktitle = {{ICALP'14}},
  pages     = {110--121},
  year      = {2014},
  doi       = {10.1007/978-3-662-43951-7_10}
}
%  booktitle = {Automata, Languages, and Programming - 41st International Colloquium,
%               {ICALP} 2014, Copenhagen, Denmark, July 8-11, 2014, Proceedings, Part
%               {II}},
%  crossref  = {DBLP:conf/icalp/2014-2},
%  url       = {http://dx.doi.org/10.1007/978-3-662-43951-7_10},
%  doi       = {10.1007/978-3-662-43951-7_10},
%  timestamp = {Fri, 13 Jun 2014 13:58:15 +0200},
%  biburl    = {http://dblp.uni-trier.de/rec/bib/conf/icalp/Chatterjee014},
%  bibsource = {dblp computer science bibliography, http://dblp.org}

@proceedings{DBLP:conf/icalp/2014-2,
  editor    = {Javier Esparza and
               Pierre Fraigniaud and
               Thore Husfeldt and
               Elias Koutsoupias},
  title     = {Automata, Languages, and Programming - 41st International Colloquium,
               {ICALP} 2014, Copenhagen, Denmark, July 8-11, 2014, Proceedings, Part
               {II}},
  series    = {Lecture Notes in Computer Science},
  volume    = {8573},
  publisher = {Springer},
  year      = {2014},
  url       = {http://dx.doi.org/10.1007/978-3-662-43951-7},
  doi       = {10.1007/978-3-662-43951-7},
  isbn      = {978-3-662-43950-0},
  timestamp = {Fri, 13 Jun 2014 13:54:29 +0200},
  biburl    = {http://dblp.uni-trier.de/rec/bib/conf/icalp/2014-2},
  bibsource = {dblp computer science bibliography, http://dblp.org}
}




@article{DBLP:journals/corr/LaroussinieM14,
  author    = {Fran{\c{c}}ois Laroussinie and
               Nicolas Markey},
  title     = {Quantified {CTL:} Expressiveness and Complexity},
  journal   = {LMCS},
  volume    = {10},
  number    = {4},
  year      = {2014},
  doi       = {10.2168/LMCS-10(4:17)2014}
}
%  journal   = {Logical Methods in Computer Science},
%  url       = {http://dx.doi.org/10.2168/LMCS-10(4:17)2014},
%  doi       = {10.2168/LMCS-10(4:17)2014},
%  timestamp = {Mon, 05 Jan 2015 16:52:15 +0100},
%  biburl    = {http://dblp.uni-trier.de/rec/bib/journals/corr/LaroussinieM14},
%  bibsource = {dblp computer science bibliography, http://dblp.org}

inproceedings{DBLP:conf/focs/PetersonR79,
  author    = {Gary L. Peterson and
               John H. Reif},
  title     = {Multiple-Person Alternation},
  booktitle = {20th Annual Symposium on Foundations of Computer Science, San Juan,
               Puerto Rico, 29-31 October 1979},
  pages     = {348--363},
  year      = {1979},
  crossref  = {DBLP:conf/focs/FOCS20},
  url       = {http://dx.doi.org/10.1109/SFCS.1979.25},
  doi       = {10.1109/SFCS.1979.25},
  timestamp = {Tue, 16 Dec 2014 09:57:23 +0100},
  biburl    = {http://dblp.uni-trier.de/rec/bib/conf/focs/PetersonR79},
  bibsource = {dblp computer science bibliography, http://dblp.org}


@proceedings{DBLP:conf/focs/FOCS20,
  title     = {20th Annual Symposium on Foundations of Computer Science, San Juan,
               Puerto Rico, 29-31 October 1979},
  publisher = {{IEEE} Computer Society},
  year      = {1979},
  url       = {http://ieeexplore.ieee.org/xpl/mostRecentIssue.jsp?punumber=4567990},
  timestamp = {Mon, 15 Dec 2014 18:48:44 +0100},
  biburl    = {http://dblp.uni-trier.de/rec/bib/conf/focs/FOCS20},
  bibsource = {dblp computer science bibliography, http://dblp.org}
}


@article{peterson2001lower,
  title={Lower bounds for multiplayer noncooperative games of incomplete information},
  author={Peterson, Gary and Reif, John and Azhar, Salman},
  journal={CAMWA},
  volume={41},
  number={7},
  pages={957--992},
  year={2001},
  doi={10.1016/S0898-1221(00)00333-3}
}
%  journal={Computers \& Mathematics with Applications},
%  publisher={Elsevier}

@article{DBLP:journals/corr/abs-1102-4225,
  author    = {Catalin Dima and
               Ferucio Laurentiu Tiplea},
  title     = {Model-checking {ATL} under Imperfect Information and Perfect Recall
               Semantics is Undecidable},
  journal   = {CoRR},
  volume    = {abs/1102.4225},
  year      = {2011},
  url       = {http://arxiv.org/abs/1102.4225},
  timestamp = {Mon, 05 Dec 2011 18:05:12 +0100},
  biburl    = {http://dblp.uni-trier.de/rec/bib/journals/corr/abs-1102-4225},
  bibsource = {dblp computer science bibliography, http://dblp.org}
}



%  organization={Springer}
%  booktitle={International Symposium on Automated Technology for Verification and Analysis},

%
%  author    = {Dietmar Berwanger and
%               Anup Basil Mathew and
%               Marie van den Bogaard},
%  title     = {Hierarchical Information Patterns and Distributed Strategy Synthesis},
%  booktitle = {Automated Technology for Verification and Analysis - 13th International
%               Symposium, {ATVA} 2015, Shanghai, China, October 12-15, 2015, Proceedings},
%  pages     = {378--393},
%  year      = {2015},
%  doi       = {10.1007/978-3-319-24953-7\_28},
%  timestamp = {Thu, 08 Oct 2015 12:37:28 +0200},
%  biburl    = {http://dblp.uni-trier.de/rec/bib/conf/atva/BerwangerMB15},
%  bibsource = {dblp computer science bibliography, http://dblp.org}
}

@inproceedings{maubert2018reasoning,
  title={Reasoning about knowledge and strategies under hierarchical information},
  author={Maubert, Bastien and Murano, Aniello},
  booktitle={KR'18},
  year={2018}
}

@article{selten1965spieltheoretische,
  title={Spieltheoretische behandlung eines oligopolmodells mit nachfragetr{\"a}gheit: Teil i: Bestimmung des dynamischen preisgleichgewichts},
  author={Selten, Reinhard},
  journal={Zeitschrift f{\"u}r die gesamte Staatswissenschaft/Journal of Institutional and Theoretical Economics},
  number={H. 2},
  pages={301--324},
  year={1965},
  publisher={JSTOR}
}

@misc{1908.02488,
Author = {Sophia Knight and Bastien Maubert},
Title = {Dealing with imperfect information in Strategy Logic},
Year = {2019},
Eprint = {arXiv:1908.02488},
note = {Presented at SR'15}
}

@inproceedings{DBLP:conf/ijcai/BouyerKMMMP19,
  author    = {Patricia Bouyer and
               Orna Kupferman and
               Nicolas Markey and
               Bastien Maubert and
               Aniello Murano and
               Giuseppe Perelli},
  title     = {Reasoning about Quality and Fuzziness of Strategic Behaviours},
  booktitle = {Proceedings of the Twenty-Eighth International Joint Conference on
               Artificial Intelligence, {IJCAI} 2019, Macao, China, August 10-16,
               2019},
  pages     = {1588--1594},
  year      = {2019},
  url       = {https://doi.org/10.24963/ijcai.2019/220},
  doi       = {10.24963/ijcai.2019/220},
  timestamp = {Tue, 20 Aug 2019 16:18:18 +0200},
  biburl    = {https://dblp.org/rec/bib/conf/ijcai/BouyerKMMMP19},
  bibsource = {dblp computer science bibliography, https://dblp.org}
}

@inproceedings{DBLP:conf/csl/FijalkowMMR18,
  author    = {Nathana{\"{e}}l Fijalkow and
               Bastien Maubert and
               Aniello Murano and
               Sasha Rubin},
  title     = {Quantifying Bounds in Strategy Logic},
  booktitle = {27th {EACSL} Annual Conference on Computer Science Logic, {CSL} 2018,
               September 4-7, 2018, Birmingham, {UK}},
  pages     = {23:1--23:23},
  year      = {2018},
  url       = {https://doi.org/10.4230/LIPIcs.CSL.2018.23},
  doi       = {10.4230/LIPIcs.CSL.2018.23},
  timestamp = {Thu, 02 May 2019 17:40:11 +0200},
  biburl    = {https://dblp.org/rec/bib/conf/csl/FijalkowMMR18},
  bibsource = {dblp computer science bibliography, https://dblp.org}
}

@inproceedings{DBLP:conf/kr/MaubertM18,
  author    = {Bastien Maubert and
               Aniello Murano},
  title     = {Reasoning about Knowledge and Strategies under Hierarchical Information},
  booktitle = {Principles of Knowledge Representation and Reasoning: Proceedings
               of the Sixteenth International Conference, {KR} 2018, Tempe, Arizona,
               30 October - 2 November 2018},
  pages     = {530--540},
  year      = {2018},
  url       = {https://aaai.org/ocs/index.php/KR/KR18/paper/view/17996},
  timestamp = {Thu, 18 Oct 2018 09:45:00 +0200},
  biburl    = {https://dblp.org/rec/bib/conf/kr/MaubertM18},
  bibsource = {dblp computer science bibliography, https://dblp.org}
}